@book{virtualizationessentials,
	author = {Portnoy, Matthew},
	booktitle = {Virtualization Essentials},
	edition = 2,
	editor = {Lefevere, Jody},
	isbn = {978-1-119-26772-0},
	location = {Indianapolis},
	pages = {21--29},
	publisher = {John Wiley \& Sons, Inc.},
	title = {Virtualization Essentials},
	year = {2016}
}

