%% This BibTeX bibliography file was created using BibDesk.
%% http://bibdesk.sourceforge.net/


%% Created for Robert at 2017-05-23 11:42:24 +0200 


%% Saved with string encoding Unicode (UTF-8) 



@inproceedings{Singer:2014,
	Author = {Singer, R. and Kotremba, J. and Rass, S.},
	Booktitle = {IEEE 16th Conference on Business Informatics (CBI)},
	Date-Added = {2017-05-23 06:32:56 +0000},
	Date-Modified = {2017-05-23 06:32:56 +0000},
	Doi = {10.1109/CBI.2014.13},
	Pages = {68-73},
	Title = {{Modeling and Execution of Multienterprise Business Processes}},
	Volume = {2},
	Year = {2014},
	Bdsk-Url-1 = {http://dx.doi.org/10.1109/CBI.2014.13}}

@incollection{Singer:2015,
	Author = {Singer, Robert and Ra{\ss}, Stefan},
	Booktitle = {{S-BPM in the Wild}},
	Date-Added = {2017-05-23 06:32:56 +0000},
	Date-Modified = {2017-05-23 09:42:22 +0000},
	Editor = {Fleischmann, Albert and Schmidt, Werner and Stary, Christian},
	Pages = {235-255},
	Publisher = {Springer},
	Title = {{Structured Communication{\textemdash}Approaching S-BPM with Microsoft Technologies}},
	Year = {2015},
	Bdsk-Url-1 = {http://dx.doi.org/10.1007/978-3-319-17542-3_14}}

@book{Hollingsworth:1994,
	Author = {David Hollingsworth},
	Date-Added = {2017-05-22 13:56:56 +0000},
	Date-Modified = {2017-05-22 13:57:58 +0000},
	Publisher = {Workflow Management Coalition},
	Title = {The Workflow Reference Model},
	Year = {1994}}

@book{Rajesh:2016,
	Author = {RV, Rajesh},
	Date-Added = {2017-05-19 07:02:19 +0000},
	Date-Modified = {2017-05-19 07:04:25 +0000},
	Publisher = {Packt Publishing},
	Title = {Spring Microservices},
	Year = {2016}}

@book{Amundsen:2016,
	Author = {Amundsen, M. and Mclarity, M.},
	Date-Added = {2017-05-19 06:58:31 +0000},
	Date-Modified = {2017-05-19 07:00:19 +0000},
	Publisher = {O'Reilly},
	Title = {Microservice Architecture},
	Year = {2016}}

@book{Aalst:2016,
	Author = {Aalst, Wil M. P. van der},
	Date-Added = {2017-02-22 09:48:46 +0000},
	Date-Modified = {2017-02-22 09:49:16 +0000},
	Editor = {2},
	Publisher = {Springer},
	Title = {Process Mining},
	Year = {2016}}

@book{Gupta:2012,
	Author = {Gupta, M. K.},
	Date-Added = {2017-02-17 14:00:51 +0000},
	Date-Modified = {2017-02-17 14:01:22 +0000},
	Publisher = {Packt Publishing},
	Title = {Akka Essentials},
	Year = {2012}}

@book{Bauer:2016,
	Author = {Bauer, C. and King, G. and Gregory, G.},
	Date-Added = {2017-02-17 13:55:33 +0000},
	Date-Modified = {2017-02-17 13:56:37 +0000},
	Publisher = {Manning},
	Title = {Java Persistence with Hibernate},
	Year = {2016}}

@inproceedings{Nurseitov:2009,
	Author = {Nurseitov, Nurzhan and Paulson, Michael and Reynolds, Randall and Izurieta, Clemente},
	Date-Added = {2017-02-17 13:50:33 +0000},
	Date-Modified = {2017-02-17 13:54:03 +0000},
	Journal = {Scenario},
	Pages = {157--162},
	Publisher = {CAINE},
	Title = {{Comparison of JSON and XML Data Interchange Formats: A Case Study}},
	Year = {2009},
	Bdsk-Url-1 = {http://www.mendeley.com/research/comparison-json-xml-data-interchange-formats-case-study-4/}}

@url{Webb:2016,
	Author = {Webb, P. and Syer, D. and Long, J. and Nicoll, S. and Winch, R. and Wilkonson, A. and M. Overdijk, Dupuis, C. and Deleuze, S. and Simons, M.},
	Date-Added = {2017-02-17 13:42:24 +0000},
	Date-Modified = {2017-02-17 13:47:12 +0000},
	Lastchecked = {02.02.2017},
	Title = {Spring Boot Reference Guide},
	Url = {http://docs.spring.io/spring-boot/docs/1.5.1.RELEASE/reference/htmlsingle/#getting-started-introducing-spring-boot},
	Urldate = {2016},
	Bdsk-Url-1 = {http://docs.spring.io/spring-boot/docs/1.5.1.RELEASE/reference/htmlsingle/#getting-started-introducing-spring-boot}}

@inproceedings{Elstermann:2017,
	Author = {Matthes Elstermann},
	Booktitle = {Proceedings of the 9th International Conference on Subject-Oriented Business Process Management},
	Date-Added = {2017-02-14 08:46:40 +0000},
	Date-Modified = {2017-02-14 08:50:29 +0000},
	Publisher = {ACM},
	Series = {S-BPM ONE '17},
	Title = {{Proposal for Using Semantic Technologies as a Means to Store and Exchange Subject-oriented Process Models}},
	Year = {2017}}

@book{Russell:2016,
	Author = {Russell, Nick and Aalst, Wil M. P. van der and Hofstede, Arthur H. M. ter},
	Date-Added = {2017-02-14 07:50:38 +0000},
	Date-Modified = {2017-02-14 07:55:14 +0000},
	Publisher = {The MIT Press},
	Title = {Workflow Patterns: The Definitive Guide},
	Year = {2016}}

@article{Brand:1983vx,
	Author = {Brand, D and Zafiropulo, P},
	Date-Added = {2017-02-14 07:28:40 +0000},
	Date-Modified = {2017-02-14 07:28:40 +0000},
	Journal = {Journal of the Association for Computer Machinery},
	Number = {2},
	Pages = {323--342},
	Title = {{On Communicating Finite-state Machines}},
	Volume = {30},
	Year = {1983}}

@inproceedings{Borger:2015qq,
	Author = {B{\"o}rger, Egon and Fleischmann, Albert},
	Booktitle = {Proceedings of the 7th International Conference on Subject-Oriented Business Process Management},
	Date-Added = {2017-02-14 07:28:26 +0000},
	Date-Modified = {2017-02-14 07:28:26 +0000},
	Editor = {Ehlers, Jens and Thalheim, Bernhard},
	Publisher = {ACM},
	Series = {S-BPM ONE '15},
	Title = {{Abstract State Machine Nets. Closing the Gap between Business Process Models and their Implementation}},
	Year = {2015}}

@book{Aceto.2007,
	Author = {Aceto, Luca and Ing{\'o}lfsd{\'o}ttir, Anna and Larsen, Kim Guldstrand and Srba, Jir{\'\i}},
	Date-Added = {2017-02-14 07:28:11 +0000},
	Date-Modified = {2017-02-14 07:28:11 +0000},
	Publisher = {Cambridge Univ. Press},
	Title = {Reactive Systems},
	Year = {2007}}

@inproceedings{Borgert.2011,
	Author = {Borgert, Stephan and Steinmetz, Joachim and M\"uhlh\"auser, Max},
	Booktitle = {{S-BPM ONE: Learning by Doing - Doing by Learning}},
	Date-Added = {2017-02-14 07:27:55 +0000},
	Date-Modified = {2017-02-14 07:27:55 +0000},
	Editor = {Schmidt, Werner},
	Pages = {190-211},
	Publisher = {Springer},
	Series = {CCIS},
	Title = {{ePASS-IoS 1.1: Enabling Inter-enterprise Business Process Modeling by S-BPM and the Internet of Service Concept}},
	Volume = {213},
	Year = {2011}}

@inproceedings{Aitenbichler:2011lr,
	Author = {Aitenbichler, Erwin and Borgert, Stephan and M{\"u}hlh{\"a}user, Max},
	Booktitle = {{Subject-Oriented Business Process Management}},
	Date-Added = {2017-02-14 07:27:24 +0000},
	Date-Modified = {2017-02-14 07:27:24 +0000},
	Editor = {Fleischmann, Albert and Schmidt, Werner and Singer, Robert and Seese, Detlef},
	Pages = {19--35},
	Publisher = {Springer},
	Series = {CCIS},
	Title = {{Distributed Execution of S-BPM Business Processes}},
	Volume = {138},
	Year = {2010}}

@book{Milner:1980qr,
	Author = {Milner, Robin},
	Date-Added = {2017-02-14 07:27:07 +0000},
	Date-Modified = {2017-02-14 07:27:07 +0000},
	Publisher = {Springer},
	Series = {LNCS},
	Title = {{A Calculus of Communicating Systems}},
	Volume = {92},
	Year = {1980}}

@inproceedings{Hewitt:1973xq,
	Author = {Hewitt, Carl and Bishop, Peter and Steiger, Richard},
	Booktitle = {3rd International Joint Conference on Artificial Intelligence (IJCAI)},
	Date-Added = {2017-02-14 07:26:39 +0000},
	Date-Modified = {2017-02-14 07:26:39 +0000},
	Title = {{A Universal Modular Actor Formalism for Artificial Intelligence}},
	Year = {1973}}

@book{Newman:2015ye,
	Author = {Newman, Sam},
	Date-Added = {2017-02-14 07:26:27 +0000},
	Date-Modified = {2017-02-14 07:26:27 +0000},
	Publisher = {O'Reilly},
	Title = {{Building Microservices}},
	Year = {2015}}

@misc{boner,
	Author = {Bon{\'e}r, Jonas and Farley, Dave and Kuhn, Ronald and Thompson, Martin},
	Date-Added = {2017-02-14 07:26:13 +0000},
	Date-Modified = {2017-02-14 07:26:13 +0000},
	Howpublished = {http://www.reactivemanifesto.org},
	Title = {{The Reactive Manifesto}},
	Bdsk-Url-1 = {http://www.reactivemanifesto.org}}

@book{Morrison:2010tw,
	Author = {Morrison, J. Paul},
	Date-Added = {2017-02-14 07:26:01 +0000},
	Date-Modified = {2017-02-14 07:26:01 +0000},
	Edition = {2},
	Publisher = {J. P. Morrison Enterprises Ltd.},
	Title = {{Flow-Based Programming}},
	Year = {2011}}

@book{Blackheath:2015ef,
	Author = {Blackheath, Stephen and Jones, Anthony},
	Date-Added = {2017-02-14 07:25:48 +0000},
	Date-Modified = {2017-02-14 07:25:48 +0000},
	Publisher = {Manning Publications},
	Title = {{Functional Reactive Programming}},
	Year = {2015}}

@article{gruhn2007,
	Author = {Gruhn, Volker and Laue, Ralf},
	Date-Added = {2017-02-14 07:25:37 +0000},
	Date-Modified = {2017-02-14 07:25:37 +0000},
	Journal = {Science of Computer Programming},
	Number = {1},
	Pages = {4--13},
	Title = {What business process modelers can learn from programmers},
	Volume = {65},
	Year = {2007}}

@techreport{Russell:2004ix,
	Author = {Russell, N. and ter Hofstede, A.H.M. and Edmond, D. and van der Aalst, W.M.P.},
	Date-Added = {2017-02-14 07:25:22 +0000},
	Date-Modified = {2017-02-14 07:25:22 +0000},
	Institution = {Eindhoven University of Technology},
	Title = {{Workflow Resource Patterns}},
	Year = {2004}}

@book{Weske:2012ul,
	Author = {Weske, Mathias},
	Date-Added = {2017-02-14 07:24:59 +0000},
	Date-Modified = {2017-02-14 07:24:59 +0000},
	Edition = {2},
	Publisher = {Springer},
	Title = {{Business Process Management: Concepts, Languages, Architectures}},
	Year = {2012}}

@book{Fleischmann:2015,
	Date-Added = {2017-02-14 07:24:45 +0000},
	Date-Modified = {2017-02-14 07:24:45 +0000},
	Editor = {Fleischmann, Albert and Schmidt, Werner and Stary, Christian},
	Publisher = {Springer},
	Title = {S-BPM in the Wild},
	Year = {2015}}

@book{Fleischmann:2013vm,
	Author = {Fleischmann, Albert and Ra{\ss}, Stefan and Singer, Robert},
	Date-Added = {2017-02-14 07:24:31 +0000},
	Date-Modified = {2017-02-14 07:24:31 +0000},
	Publisher = {Springer},
	Title = {{S-BPM Illustrated}},
	Year = {2013}}

@book{Fleischmann:1994wf,
	Author = {Fleischmann, Albert},
	Date-Added = {2017-02-14 07:24:21 +0000},
	Date-Modified = {2017-02-14 07:34:08 +0000},
	Publisher = {Springer},
	Title = {{Distributed Systems: Software design and implementation}},
	Year = {1994}}

@book{Fleischmann:2012va,
	Author = {Fleischmann, Albert and Schmidt, Werner and Stary, Christian and Obermeier, Stefan and B{\"o}rger, Egon},
	Date-Added = {2017-02-14 07:24:08 +0000},
	Date-Modified = {2017-02-14 07:24:08 +0000},
	Publisher = {Springer},
	Title = {{Subject-Oriented Business Process Management}},
	Year = {2012}}

@inproceedings{Singer:2015hl,
	Acmid = {2723849},
	Articleno = {9},
	Author = {Singer, Robert},
	Booktitle = {Proceedings of the 7th International Conference on Subject-Oriented Business Process Management},
	Date-Added = {2017-02-14 07:23:49 +0000},
	Date-Modified = {2017-02-21 13:34:00 +0000},
	Location = {Kiel, Germany},
	Numpages = {8},
	Publisher = {ACM},
	Series = {S-BPM ONE '15},
	Title = {{Business Process Management in Small- and Medium-sized Enterprises: An Empirical Study}},
	Year = {2015},
	Bdsk-Url-1 = {http://doi.acm.org/10.1145/2723839.2723849},
	Bdsk-Url-2 = {http://dx.doi.org/10.1145/2723839.2723849}}

@article{Seethamraju:2012en,
	Author = {Seethamraju, Ravi},
	Date-Added = {2017-02-14 07:23:39 +0000},
	Date-Modified = {2017-02-14 07:23:39 +0000},
	Doi = {10.1108/14637151211232696},
	Journal = {Business Process Management Journal},
	Number = {3},
	Pages = {532--547},
	Rating = {0},
	Read = {Yes},
	Title = {{Business process management: a missing link in business education}},
	Volume = {18},
	Year = {2012},
	Bdsk-Url-1 = {http://dx.doi.org/10.1108/14637151211232696}}

@article{Seymour:2012tv,
	Author = {Sonteya, Thembela and Seymour, Lisa},
	Date-Added = {2017-02-14 07:23:26 +0000},
	Date-Modified = {2017-02-14 07:23:26 +0000},
	Journal = {Journal of Information Technology Education: Research},
	Pages = {43--63},
	Rating = {0},
	Read = {Yes},
	Title = {{Towards an Understanding of the Business Process Analyst: An Analysis of Competencies}},
	Volume = {11},
	Year = {2012}}

@misc{Singer:2014mz,
	Author = {Singer, Robert},
	Date-Added = {2017-02-14 07:22:59 +0000},
	Date-Modified = {2017-02-14 07:22:59 +0000},
	Howpublished = {arXiv:1404.2737},
	Journal = {arXiv},
	Title = {{User Centered Development of Agent-based Business Process Models and Notations}},
	Year = {2014}}

@article{Borger:2011ib,
	Author = {B{\"o}rger, Egon},
	Date-Added = {2017-02-14 07:22:39 +0000},
	Date-Modified = {2017-02-14 07:22:39 +0000},
	Journal = {Software {\&} Systems Modeling},
	Title = {{Approaches to modeling business processes: a critical analysis of BPMN, workflow patterns and YAWL}},
	Year = {2011}}

@book{Silver.2011,
	Author = {Silver, Bruce},
	Date-Added = {2017-02-14 07:22:26 +0000},
	Date-Modified = {2017-02-14 07:22:26 +0000},
	Edition = {2},
	Publisher = {Cody-Cassidy Press},
	Title = {{BPMN Method and Style}},
	Year = {2011}}

@misc{OMG:2013wz,
	Author = {{Object Management Group}},
	Date-Added = {2017-02-14 07:22:13 +0000},
	Date-Modified = {2017-02-14 07:37:58 +0000},
	Howpublished = {http://omg.org},
	Title = {{Business Process Model and Notation}},
	Year = {2013}}
